<record><leader>00000cas a2200000 a 4500</leader><controlfield tag="001">12770511</controlfield><controlfield tag="008">851107d18971898ksudr ne      0    0eng d</controlfield><datafield ind1=" " ind2=" " tag="010"><subfield code="a">sn 85032900 </subfield></datafield><datafield ind1=" " ind2=" " tag="040"><subfield code="a">KSH</subfield><subfield code="b">eng</subfield><subfield code="c">KSH</subfield><subfield code="d">NPT</subfield><subfield code="d">OCL</subfield><subfield code="d">OCLCQ</subfield></datafield><datafield ind1=" " ind2=" " tag="042"><subfield code="a">msc</subfield></datafield><datafield ind1="0" ind2=" " tag="130"><subfield code="a">Evening register (Neodesha, Kan.)</subfield></datafield><datafield ind1="1" ind2="0" tag="245"><subfield code="a">Evening register.</subfield></datafield><datafield ind1=" " ind2=" " tag="260"><subfield code="a">Neodesha, Kan. :</subfield><subfield code="b">J. Kansas Morgan,</subfield><subfield code="c">1897-1898.</subfield></datafield><datafield ind1=" " ind2=" " tag="300"><subfield code="a">1 v. :</subfield><subfield code="b">ill. ;</subfield><subfield code="c">50 cm.</subfield></datafield><datafield ind1=" " ind2=" " tag="310"><subfield code="a">Daily (except Sunday)</subfield></datafield><datafield ind1="0" ind2=" " tag="362"><subfield code="a">Vol. 1, no. 1 (Oct. 18, 1897)-v. 1, no. 302 (Oct. 13, 1898).</subfield></datafield><datafield ind1=" " ind2=" " tag="500"><subfield code="a">Published by Register Pub. Co., June 2-Oct. 13, 1898.</subfield></datafield><datafield ind1=" " ind2=" " tag="500"><subfield code="a">"Republican."</subfield></datafield><datafield ind1=" " ind2=" " tag="580"><subfield code="a">Issued also in a weekly edition called: Neodesha register.</subfield></datafield><datafield ind1=" " ind2=" " tag="752"><subfield code="a">United States</subfield><subfield code="b">Kansas</subfield><subfield code="c">Wilson</subfield><subfield code="d">Neodesha.</subfield></datafield><datafield ind1="1" ind2=" " tag="775"><subfield code="t">Neodesha register</subfield><subfield code="w">(DLC)sn 85032893</subfield></datafield><datafield ind1="0" ind2="4" tag="785"><subfield code="t">Neodesha register</subfield><subfield code="w">(DLC)sn 85032893</subfield></datafield><datafield ind1="1" ind2=" " tag="029"><subfield code="a">AU@</subfield><subfield code="b">000022167650</subfield></datafield></record>